Automatically generated by Mendeley Desktop 1.19.6
Any changes to this file will be lost if it is regenerated by Mendeley.

BibTeX export options can be customized via Options -> BibTeX in Mendeley Desktop

@article{Shakhdinarova1988,
author = {Shakhdinarova, L. V. and Palyga, G. F.},
issn = {00338192},
journal = {Radiobiologiya},
number = {5},
pages = {677--680},
title = {{The relationship between the postirradiation superovulation and the development of embryos and offspring of Wistar rats}},
volume = {28},
year = {1988}
}
